@book{tracking_book,
  title={Pattern Recognition, Tracking and Vertex Reconstruction in Particle Detectors},
  author={R. Fr√ºhwirth and A. Strandlie},
  isbn={978-3-030-65771-0},
  url={https://link.springer.com/book/10.1007/978-3-030-65771-0},
  year={2021},
  publisher={Springer Cham}
}
